@misc{lyxwiki,
	title = {{LyX} wiki {\textbar} {FAQ} / {Multidoc}},
	url = {https://wiki.lyx.org/FAQ/Multidoc},
	urldate = {2024-06-13},
	file = {LyX wiki | FAQ / Multidoc:D\:\\Users\\115381\\Zotero\\storage\\YGDKYUCF\\Multidoc.html:text/html},
}

@book{MGalois2014,
	title = {數學女孩：伽羅瓦理論},
	url = {https://www.books.com.tw/products/0010647846},
	series = {數學女孩},
	abstract = {書名：數學女孩：伽羅瓦理論，原文名稱：数学ガールガロア理論，語言：繁體中文，{ISBN}：9789865779450，頁數：464，出版社：世茂，作者：結城浩，譯者：陳冠貴，出版日期：2014/09/02，類別：自然科普},
	publisher = {世茂},
	author = {結城, 浩},
	urldate = {2024-06-09},
	date = {2014-09-02},
	file = {Snapshot:D\:\\Users\\115381\\Zotero\\storage\\XKVLADYX\\0010647846.html:text/html},
}

@misc{lyxwiki2,
	title = {{LyX} wiki {\textbar} {BibTeX} / Tips},
	url = {https://wiki.lyx.org/BibTeX/Tips#secbib},
	urldate = {2024-06-13},
	file = {LyX wiki | BibTeX / Tips:D\:\\Users\\115381\\Zotero\\storage\\DI3EAM7C\\Tips.html:text/html},
}
