@Book{xie2015,
  title = {Dynamic Documents with {R} and knitr},
  author = {Yihui Xie},
  publisher = {Chapman and Hall/CRC},
  address = {Boca Raton, Florida},
  year = {2015},
  edition = {2nd},
  note = {ISBN 978-1498716963},
  url = {http://yihui.org/knitr/},
}

@misc{noauthor_bookdown_2019,
	title = {Bookdown books on the web: downloading and converting to pdf - {R} {Markdown}},
	shorttitle = {Bookdown books on the web},
	url = {https://community.rstudio.com/t/bookdown-books-on-the-web-downloading-and-converting-to-pdf/30268},
	abstract = {I recently made a pre-release order of Hadley’s Advanced R 2nd ed. I have found that I absorb information better from paper copy than froma computer screen. There is something about the physicality of it, the spacial organization of pages and the way you use your hands to move through it that seem to help me hang on to material better. I know this makes me a fossil, but still, it’s true.  So I find that I am really impatient to hold the actual book in my hands, or at least the chapters that seem...},
	language = {en},
	urldate = {2023-05-16},
	journal = {Posit Community},
	month = may,
	year = {2019},
	file = {Snapshot:D\:\\Users\\115381\\Zotero\\storage\\KD8TYYNC\\2.html:text/html},
}

@misc{ccjou2009,
	title = {二次型與正定矩陣},
	author = {ccjou, },
	year = {2009},
	month = {10},
	date = {2009-10-21},
	url = {https://ccjou.wordpress.com/2009/10/21/%e4%ba%8c%e6%ac%a1%e5%9e%8b%e8%88%87%e6%ad%a3%e5%ae%9a%e7%9f%a9%e9%99%a3/},
	langid = {en}
}

@misc{ccjou2014,
	title = {多變量常態分布},
	author = {ccjou, },
	year = {2014},
	month = {06},
	date = {2014-06-05},
	url = {https://ccjou.wordpress.com/2014/06/05/%e5%a4%9a%e8%ae%8a%e9%87%8f%e5%b8%b8%e6%85%8b%e5%88%86%e5%b8%83/},
	langid = {en}
}

@book{campbell1963,
	title = {Experimental and Quasi-Experimental Designs for Research},
	author = {Campbell, Donald T. and Stanley, Julian},
	year = {1963},
	month = {07},
	date = {1963-07-13},
	publisher = {Cengage Learning},
	edition = {1st edition},
	address = {Belomt, CA},
	langid = {English}
}

@book{hu2022,
	title = {Statistical Design and Analysis of Biomedical Research},
	author = {Hu, Fu-Chang},
	year = {2022},
	date = {2022},
	publisher = {International-Harvard (I-H) Statistical Consulting Company},
	edition = {2022},
	address = {Taipei, Taiwan}
}

@book{milliken2004,
	title = {Analysis of Messy Data Volume 1: Designed Experiments, Second Edition},
	author = {Milliken, George A. and Johnson, Dallas E.},
	year = {2004},
	month = {07},
	date = {2004-07-26},
	publisher = {Chapman and Hall/CRC},
	edition = {2nd edition},
	address = {Boca Raton, Fla.},
	langid = {English}
}

@book{zhang2021,
	title = {提綱挈領學統計},
	author = {{張}, {翔} and {廖}, {崇智}},
	year = {2021},
	date = {2021},
	publisher = {大碩教育},
	edition = {9},
	url = {https://www.books.com.tw/products/0010888833}
}

@article{buchanan2005,
	title = {Sorghum bicolor{\textquoteright}s Transcriptome Response to Dehydration, High Salinity and ABA},
	author = {Buchanan, Christina D. and Lim, Sanghyun and Salzman, Ron A. and Kagiampakis, Ioannis and Morishige, Daryl T. and Weers, Brock D. and Klein, Robert R. and Pratt, Lee H. and Cordonnier-Pratt, {Marie-Michèle} and Klein, Patricia E. and Mullet, John E.},
	year = {2005},
	month = {07},
	date = {2005-07-01},
	journal = {Plant Molecular Biology},
	pages = {699--720},
	volume = {58},
	number = {5},
	doi = {10.1007/s11103-005-7876-2},
	url = {https://doi.org/10.1007/s11103-005-7876-2},
	langid = {en}
}

@article{casler2015,
	title = {Replication Concepts for Bioenergy Research Experiments},
	author = {Casler, Michael D. and Vermerris, Wilfred and Dixon, Richard A.},
	year = {2015},
	month = {03},
	date = {2015-03-01},
	journal = {BioEnergy Research},
	pages = {1--16},
	volume = {8},
	number = {1},
	doi = {10.1007/s12155-015-9580-7},
	url = {https://doi.org/10.1007/s12155-015-9580-7},
	langid = {en}
}

@book{mittelhammer1996,
	title = {Mathematical Statistics for Economics and Business},
	author = {Mittelhammer, Ron C.},
	year = {1996},
	month = {01},
	date = {1996-01-01},
	publisher = {Springer},
	edition = {Corrected edition},
	address = {New York},
	langid = {English}
}

@book{mittelhammer2013,
	title = {Mathematical Statistics for Economics and Business},
	author = {Mittelhammer, Ron C.},
	year = {2013},
	month = {03},
	date = {2013-03-06},
	publisher = {Springer},
	edition = {2nd ed. 2013 edition},
	address = {New York Heidelberg Dordrecht London},
	langid = {English}
}

@misc{ccjou2012,
	title = {Jacobian 矩陣與行列式},
	author = {ccjou, },
	year = {2012},
	month = {11},
	date = {2012-11-26},
	url = {https://ccjou.wordpress.com/2012/11/26/jacobian-%e7%9f%a9%e9%99%a3%e8%88%87%e8%a1%8c%e5%88%97%e5%bc%8f/},
	langid = {en}
}

@misc{ccjou2014a,
	title = {共變異數矩陣的性質},
	author = {ccjou, },
	year = {2014},
	month = {06},
	date = {2014-06-03},
	url = {https://ccjou.wordpress.com/2014/06/03/%e5%85%b1%e8%ae%8a%e7%95%b0%e6%95%b8%e7%9f%a9%e9%99%a3%e7%9a%84%e6%80%a7%e8%b3%aa/},
	langid = {en}
}

@misc{ccjou2013,
	title = {矩陣導數},
	author = {ccjou, },
	year = {2013},
	month = {05},
	date = {2013-05-31},
	url = {https://ccjou.wordpress.com/2013/05/31/%e7%9f%a9%e9%99%a3%e5%b0%8e%e6%95%b8/},
	langid = {en}
}

@book{bernstein2004,
	title = {Handbook of MRI Pulse Sequences},
	author = {Bernstein, Matt A. and King, Kevin F. and Zhou, Xiaohong Joe},
	year = {2004},
	month = {09},
	date = {2004-09-21},
	publisher = {Academic Press},
	edition = {1st edition},
	address = {Amsterdam ; Boston},
	langid = {English}
}

@book{bernstein2004a,
	title = {Handbook of MRI Pulse Sequences},
	author = {Bernstein, Matt A. and King, Kevin F. and Zhou, Xiaohong Joe},
	year = {2004},
	month = {09},
	date = {2004-09-21},
	publisher = {Academic Press},
	edition = {1st edition},
	address = {Amsterdam ; Boston},
	langid = {English}
}

@book{sunbóhuá2016,
	title = {量綱分析與Lie群},
	author = {{孫},{博華}},
	year = {2016},
	date = {2016},
	publisher = {高等教育出版社},
	note = {Google-Books-ID: BSU8tAEACAAJ},
	langid = {zh}
}
