
@book{campbell1963,
	title = {Experimental and Quasi-Experimental Designs for Research},
	author = {Campbell, Donald T. and Stanley, Julian},
	year = {1963},
	month = {07},
	date = {1963-07-13},
	publisher = {Cengage Learning},
	edition = {1st edition},
	address = {Belomt, CA},
	langid = {English}
}
